@InProceedings{minisat,
  title  = {An Extensible SAT-solver},
  author = {Niklas Een and Niklas Sorensson},
  booktitle = {Proc. Sixth International Conference on Theory and Applications of Satisfiability Testing},
  pages  = {78--92},
  year   = {2003},
  month  = {May}
}

@inproceedings{cvcl,
  author =       {Clark Barrett and Sergey Berezin},
  title =        {{CVC} {L}ite: A New Implementation of the Cooperating Validity Checker},
  crossref =     {CAV2004},
  OPTpages =     {},

}

@proceedings{CAV2004,
  editor    = {Rajeev Alur and Doron A. Peled},
  title     = {Computer Aided Verification, 16th International Conference, CAV
               2004, Boston, Massachusetts, USA, July 13-17, 2004, Proceedings},
  booktitle = {CAV},
  publisher = {Springer},
  series    = {Lecture Notes in Computer Science},
  OPTvolume    = {},
  year      = {2004},
  OPTisbn      = {},
}

@inproceedings{uclid,
  author    = {Shuvendu K. Lahiri and
               Sanjit A. Seshia},
  title     = {The UCLID Decision Procedure.},
  booktitle = {CAV},
  year      = {2004},
  pages     = {475-478},
  ee        = {http://springerlink.metapress.com/openurl.asp?genre=article{\&}issn=0302-9743{\&}volume=3114{\&}spage=475},
  crossref  = {DBLP:conf/cav/2004},
  bibsource = {DBLP, http://dblp.uni-trier.de}
}

@inproceedings{SATURN,
  author    = {Yichen Xie and
               Alexander Aiken},
  title     = {Saturn: A SAT-Based Tool for Bug Detection.},
  booktitle = {CAV},
  year      = {2005},
  pages     = {139-143},
  ee        = {http://dx.doi.org/10.1007/11513988_13},
  crossref  = {DBLP:conf/cav/2005},
  bibsource = {DBLP, http://dblp.uni-trier.de}
}

@proceedings{DBLP:conf/cav/2005,
  editor    = {Kousha Etessami and
               Sriram K. Rajamani},
  title     = {Computer Aided Verification, 17th International Conference,
               CAV 2005, Edinburgh, Scotland, UK, July 6-10, 2005, Proceedings},
  booktitle = {CAV},
  publisher = {Springer},
  series    = {Lecture Notes in Computer Science},
  volume    = {3576},
  year      = {2005},
  isbn      = {3-540-27231-3},
  bibsource = {DBLP, http://dblp.uni-trier.de}
}

@proceedings{DBLP:conf/cav/2004,
  editor    = {Rajeev Alur and
               Doron Peled},
  title     = {Computer Aided Verification, 16th International Conference,
               CAV 2004, Boston, MA, USA, July 13-17, 2004, Proceedings},
  booktitle = {CAV},
  publisher = {Springer},
  series    = {Lecture Notes in Computer Science},
  volume    = {3114},
  year      = {2004},
  isbn      = {3-540-22342-8},
  bibsource = {DBLP, http://dblp.uni-trier.de}
}

@inproceedings{BDL98,
author = "Clark W. Barrett and David L. Dill and Jeremy R. Levitt",
title = "A Decision Procedure for Bit-Vector Arithmetic",
booktitle="Proceedings of the 35th Design Automation Conference",
Note="San Francisco, CA",
month="June",
year=1998}


@Article{mathsat,
  author = 	 {Bozzano, M. and Bruttomesso, R. and Cimatti, A. and Junttila, T. and Rossum, P.V. and Schulz, S. and Sebastiani, R.},
  title = 	 {MathSAT: A Tight Integration of SAT and Mathematical Decision Procedure},
  journal = 	 {Journal Of Automated Reasoning},
  year = 	 {to appear},
}

@Article{nusmv,
  author = 	 {Cimatti, A. and Clarke,E. and Giunchiglia, F. and Roveri, M.},
  title = 	 {NuSMV: a new Symbolic Model Checker},
  journal = 	 {International Journal on Software Tools for Technology Transfer},
  year = 	 {to appear},
}

@misc{ganzinger04dpllt,
  author = "H. Ganzinger and G. Hagen and R. Nieuwenhuis and A. Oliveras and C. Tinelli",
  title = "DPLL(T): Fast Decision Procedures",
  text = "Ganzinger, H., G. Hagen, R. Nieuwenhuis, A. Oliveras, and C. Tinelli: 2004,
    `DPLL(T): Fast Decision Procedures'. in [1], pp. 175-188.",
  year = "2004",
  url = "citeseer.ist.psu.edu/article/ganzinger04dpllt.html" 
}


@InProceedings{cheng01,
  author = 	 {C.Y. Huang and K.T. Cheng},
  title = 	 {Assertion Checking by Combined Word-level ATPG and Modular Arithmetic Constraint-Solving Techniques},
  OPTcrossref =  {},
  OPTkey = 	 {},
  booktitle =    {Design Automation Conference (DAC)},
  pages = 	 {118-123},
  year = 	 {2001},
 }

@Unpublished{catchconv07,
  author = 	 {David Molnar and David Wagner and Sanjit A. Seshia},
  title = 	 {CATCHCONV : A Tool for Catching Conversion Errors},
  note = 	 {Personal Communications},
  year =         {2007},
  url = 	 {http://sourceforge.net/projects/catchconv}
}

@Unpublished{Chang,
  author = 	 {Jacob Chang and David L. Dill},
  OPTtitle = 	 {},
  year = 	 {2006},
  note = 	 {Personal Communications},
  OPTannote = 	 {}
}

@Unpublished{Leek,
  author = 	 {Tim Leek},
  OPTtitle = 	 {},
  year = 	 {2007},
  note = 	 {Personal Communications},
  OPTannote = 	 {}
}

@Misc{Ericsmith,
  author = 	 {Eric Smith and David L. Dill},
  OPTtitle = 	 {},
  note = 	 {Personal Communications},
  year =         {2006},
  OPTannote = 	 {}
}

@inproceedings{replayer06,
   author = {James Newsome and David Brumley and Jason Franklin and Dawn
   Song},
   title = {Replayer: Automatic Protocol Replay by Binary Analysis},
   year = {2006},
   booktitle = {In the Proceedings of the $13^{th}$ {ACM} Conference on
   Computer and and Communications Security ({CCS})}
}

@InProceedings{exe-spin05,
  author =       {Cristian Cadar and Dawson Engler},
  title =        {Execution Generated Test Cases: How to Make Systems
Code Crash Itself},
  booktitle =    {Proceedings of the 12th International SPIN Workshop on
Model Checking of Software},
  institution =  {Computer Systems Laboratory, Stanford University},
  year  =        2005,
  month =        {August}
}

@InProceedings{exe-ccs06,
   author = "Cristian Cadar and Vijay Ganesh and Peter Pawlowski and
David Dill and Dawson Engler",
   title = "{EXE}: Automatically Generating Inputs of Death",
   booktitle = "Proceedings of the 13th {ACM} Conference on Computer and
Communications Security",
   month = "October-November",
   year = "2006"
}

@InProceedings{exe-disks06,
   author = "Junfeng Yang and Can Sar and Paul Twohey and Cristian Cadar
and Dawson Engler",
   title = "Automatically generating malicious disks using symbolic
execution",
   booktitle = "Proceedings of the 2006 {IEEE} Symposium on Security and
Privacy",
   year = "2006",
   month = "May"
}

@inproceedings{cvc,
 author = {Aaron Stump and Clark W. Barrett and David L. Dill},
 title = {CVC: A Cooperating Validity Checker},
 booktitle = {CAV '02: Proceedings of the 14th International Conference on Computer Aided Verification},
 year = {2002},
 isbn = {3-540-43997-8},
 pages = {500--504},
 publisher = {Springer-Verlag},
 address = {London, UK},
 }

@inproceedings{yices,
  TITLE = {{A Fast Linear-Arithmetic Solver for DPLL(T)}},
  AUTHOR = {Bruno Dutertre and Leonardo de Moura},
  BOOKTITLE = "Proceedings of the 18th Computer-Aided Verification conference",
  SERIES="LNCS",
  PAGES = {81--94}, 
  EDITORS={T. Ball and R. B. Jones},
  VOLUME=4144,
  PUBLISHER = {Springer-Verlag},
  YEAR = 2006,
}

@InProceedings{uclid07,
  author = 	 {Randal E. Bryant and Daniel Kroening and Joel Ouaknine and Sanjit A. Seshia and Ofer Strichman and Bryan Brady},
  title = 	 {Deciding Bit-Vector Arithmetic with Abstraction},
  booktitle =    {13th Intl. Conference on Tools and Algorithms for the Construction of Systems (TACAS)},
  year = 	 {2007}
}

@Article{linear-residue69-1,
  author = 	 {Jo Ann Howell and Robert T. Gregory},
  title = 	 {An algorithm for solving linear algebraic equations using residue arithmetic {I}},
  journal = 	 {BIT Numerical Mathematics},
  year = 	 {1969},
  OPTkey = 	 {},
  volume = 	 {9},
  number = 	 {3},
  pages = 	 {200-224},
  month = 	 {September},
  OPTnote = 	 {},
  OPTannote = 	 {}
}

@Article{linear-residue69-2,
  author = 	 {Jo Ann Howell and Robert T. Gregory},
  title = 	 {An algorithm for solving linear algebraic equations using residue arithmetic {II}},
  journal = 	 {BIT Numerical Mathematics},
  year = 	 {1969},
  OPTkey = 	 {},
  volume = 	 {9},
  number = 	 {4},
  pages = 	 {324-337},
  month = 	 {December},
  OPTnote = 	 {},
  OPTannote = 	 {}
}

@InBook{CLR,
  author = 	 {Thomas H. Cormen and Charles E. Leiserson and Ronald L. Rivest},
  ALTeditor = 	 {},
  title = 	 {Introduction to Algorithms},
  chapter = 	 {11},
  publisher = 	 {MIT Press},
  year = 	 {1998},
  pages = 	 {820-825},
}

@inproceedings{sacav06,
  author =  	 {Koushik Sen and Gul Agha},
  title =  	 {CUTE and jCUTE : Concolic Unit Testing and Explicit Path Model-Checking Tools},
  booktitle =    {18th International Conference on Computer Aided Verification (CAV'06)},
  year =         {2006},
  series =       {Lecture Notes in Computer Science},
  publisher =    {Springer},
}

@inproceedings{svc,
author="Clark Barrett and David Dill and Jeremy Levitt",
title="Validity Checking for Combinations of Theories with Equality",
booktitle="Formal Methods In Computer-Aided Design",
Editor="Mandayam Srivas and Albert Camilleri",
Series="Lecture Notes in Computer Science",
Volume="1166",
Publisher="Springer-Verlag",
month="November",
Year=1996,
pages="187--201",
note="Palo Alto, California, November 6--8"
}

@Article{nelsonoppen,
  author = 	 {Greg Nelson and Derek C. Oppen},
  title = 	 {Simplification by Cooperating Decision Procedures},
  journal = 	 {ACM Transactions on Programming Languages and Systems},
  year = 	 {1979}, 
  volume = 	 {1},
  number = 	 {2},
  pages = 	 {245-257},
  month = 	 {October},
}

@inproceedings{bat,
  author = {Panagiotis Manolios and Sudarshan K. Srinivasan and Daron Vroon},
  title = {Automatic Memory Reductions for {RTL}-Level Verification},
  booktitle = {ICCAD 2006, ACM-IEEE International Conference on Computer Aided Design},
  publisher = {{ACM}},
  year = 2006
}


@Unpublished{smtlib,
  title = 	 {{SMTLIB} Website: {http://www.csl.sri.com/users/demoura/smt-comp/}},
  OPTnote = 	 {},
  OPTkey = 	 {},
  OPTmonth = 	 {},
  OPTyear = 	 {},
  OPTannote = 	 {}
}

@inproceedings{stumparray,
author= "A. Stump and C. Barrett and D. Dill and J. Levitt",
title={{A Decision Procedure for an Extensional Theory of Arrays}},
booktitle="16th IEEE Symposium on Logic in Computer Science",
Publisher="IEEE Computer Society",
pages="29-37",
year = 2001
}

@inproceedings{bradleyarray,
  author    = {Aaron R. Bradley and
               Zohar Manna and
               Henny B. Sipma},
  title     = {What's Decidable About Arrays?},
  booktitle = {VMCAI},
  year      = {2006},
  pages     = {427-442},
  ee        = {http://dx.doi.org/10.1007/11609773_28},
  crossref  = {DBLP:conf/vmcai/2006},
  bibsource = {DBLP, http://dblp.uni-trier.de}
}

@proceedings{DBLP:conf/vmcai/2006,
  editor    = {E. Allen Emerson and
               Kedar S. Namjoshi},
  title     = {Verification, Model Checking, and Abstract Interpretation,
               7th International Conference, VMCAI 2006, Charleston, SC,
               USA, January 8-10, 2006, Proceedings},
  booktitle = {VMCAI},
  publisher = {Springer},
  series    = {Lecture Notes in Computer Science},
  volume    = {3855},
  year      = {2006},
  isbn      = {3-540-31139-4},
  bibsource = {DBLP, http://dblp.uni-trier.de}
}

@Book{ackermann,
  author = 	 {W .Ackermann},
  ALTeditor = 	 {},
  title = 	 {Solvable Cases of the Decision Problem},
  publisher = 	 {},
  year = 	 {1954},
}

@techreport{minesweeper2007,
 author = {David Brumley and Cody Hartwig and Zhenkai Liang and James
Newsome and Dawn Song and Heng Yin},
 title = {Towards Automatically Identifying Trigger-based
Behavior in Malware using Symbolic Execution and Binary Analysis},
 year = {2007},
 month = {January},
 number = {CMU-CS-07-105},
 institution = {Carnegie Mellon University School of Computer Science}
}


@Unpublished{stpwebsite,
  title = 	 {{STP} Website: {http://theory.stanford.edu/\~{}vganesh/stp.html}},
  OPTnote = 	 {},
  OPTkey = 	 {},
  OPTmonth = 	 {},
  OPTyear = 	 {},
  OPTannote = 	 {}
}
